@article{benard1900,
	author = {Bénard, Henri},
	title = {Les tourbillons cellulaires dans une nappe liquide},
	journaltitle = {Revue Générale des Sciences Pures et Appliquées},
	date = {1900},
	volume = {11},
	pages = {1261--1271},
}

@article{rayleigh1916,
	author = {Rayleigh, Lord},
	title = {On convection currents in a horizontal layer of fluid, when the higher temperature is on the under side},
	journal = {Philosophical Magazine},
	year = {1916},
	volume = {32},
	pages = {529--546},
	doi = {10.1080/14786441608635602}
}

@article{lorenz1963,
	author = {Lorenz, Edward N.},
	title = {Deterministic nonperiodic flow},
	journal = {Journal of the Atmospheric Sciences},
	year = {1963},
	volume = {20},
	number = {2},
	pages = {130--141},
	doi = {10.1175/1520-0469(1963)020<0130:DNF>2.0.CO;2}
}

@article{chen2006,
	author = {Chen, Zhi-Min},
	title = {On the relation between Rayleigh–Bénard convection and the Lorenz system},
	journal = {Chaos, Solitons \& Fractals},
	volume = {28},
	number = {3},
	pages = {571--578},
	year = {2006},
	doi = {10.1016/j.chaos.2005.08.010}
}

@misc{tuckerman_notes,
	author       = {Laurette Tuckerman},
	title        = {Hydrodynamic Instabilities: Convection and Lorenz Mode},
	howpublished = {Lecture notes, Boulder School for Condensed Matter and Materials Physics},
	institution  = {PMMH-ESPCI-CNRS},
	note         = {\url{mailto:laurette@pmmh.espci.fr}},
}

@article{Yorke1979,
	title={Metastable chaos: The transition to sustained chaotic behavior in the Lorenz model},
	author={Yorke, James A. and Yorke, Ellen D.},
	journal={Journal of Statistical Physics},
	volume={21},
	number={3},
	pages={263--277},
	year={1979},
	publisher={Springer}
}
